@misc{cite0,
	author = {Dominique Lefebvre},
    title = {L'équation de D'Alembert},
   	howpublished = {\url{<http://www.tangentex.com/EquationAlembert.htm>}},
    year = 2016,
}

@misc{cite1,
	author = {Marc BUFFAT},
    title = {Équation des ondes},
   	howpublished = {\url{<https://perso.univ-lyon1.fr/marc.buffat/COURS/COURSDF_HTML/node27.html>}},
    year = 2008,
}

@misc{cite2,
	author = {Institut d'optique Paritech},
    title = {Méthodes Numériques, Équations aux Dérivées Partielles (EDP)},
   	howpublished = {\url{<http://www.url2.org/>}},
}

@misc{cite3,
    title = {Méthode de Runge-Kutta},
   	howpublished = {\url{<https://femto-physique.fr/analyse-numerique/runge-kutta.php>}},
    year = 2004,
}

@misc{cite4,
    title = {Runge-Kutta Wikipedia},
   	howpublished = {\url{<https://fr.wikipedia.org/wiki/M%C3%A9thodes_de_Runge-Kutta>}},
}
@misc{cite5,
    author= {Eric Goncalvès da Silva},
    title = {Méthode et analyses numériques},
    howpublished=
    {Ḿethodes et Analyse Nu ́eriques. Engineering school. Institut Polytechnique de Grenoble, 2007, pp.99. <cel-00556967>},
    year = 2007,
}
@misc{cite6,
    title ={Runge-Kutta method for PDE},
   	howpublished = {\url{https://math.stackexchange.com/questions/1341074/runge-kutta-method-for-pde>}},
}
@misc{cite7,
    title = {Help with using the Runge-Kutta 4th order method on a system of 2 first order ODE's},
   	howpublished = {\url{https://math.stackexchange.com/questions/721076/help-with-using-the-runge-kutta-4th-order-method-on-a-system-of-2-first-order-od}},
}
